@phdthesis{lakshmanan2021safe,
  title={Safe Planning and Control via $\mathcal{L}_1$-Adaptation and Contraction Theory},
  author={Lakshmanan, Arun},
  school={University of Illinois Urbana-Champaign},
  year={2021}
}

@article{wu2021mathcal,
  title={$\mathcal{L}_1$ Adaptive Augmentation for Geometric Tracking Control of Quadrotors},
  author={Wu, Zhuohuan and Cheng, Sheng and Ackerman, Kasey A and Gahlawat, Aditya and Lakshmanan, Arun and Zhao, Pan and Hovakimyan, Naira},
  journal={arXiv preprint arXiv:2109.06998},
  year={2021}
}

@article{zhao2021tube,
  title={Tube-certified trajectory tracking for nonlinear systems with robust control contraction metrics},
  author={Zhao, Pan and Lakshmanan, Arun and Ackerman, Kasey and Gahlawat, Aditya and Pavone, Marco and Hovakimyan, Naira},
  journal={arXiv preprint arXiv:2109.04453},
  year={2021}
}

@inproceedings{gahlawat2021contraction,
  title={Contraction $\mathcal{L}_1$-Adaptive Control using {G}aussian Processes},
  author={Lakshmanan$^\dagger$, Arun and Gahlawat$^\dagger$, Aditya and Song, Lin and Patterson, Andrew and Wu, Zhuohuan and Hovakimyan, Naira and Theodorou, Evangelos A},
  booktitle={Learning for Dynamics and Control},
  pages={1027--1040},
  year={2021},
  organization={PMLR}
}

@inproceedings{lakshmanan2020safe,
  title={Safe feedback motion planning: {A} contraction theory and  $\mathcal{L}_1$-adaptive control based approach},
  author={Lakshmanan$^\dagger$, Arun and Gahlawat$^\dagger$, Aditya and Hovakimyan, Naira},
  booktitle={2020 59th IEEE Conference on Decision and Control (CDC)},
  pages={1578--1583},
  year={2020},
  organization={IEEE}
}

@inproceedings{patterson2019intent,
  title={Intent-aware probabilistic trajectory estimation for collision prediction with uncertainty quantification},
  author={Patterson, Andrew and Lakshmanan, Arun and Hovakimyan, Naira},
  booktitle={Conference on Decision and Control 2019},
  year={2019}
}

@inproceedings{lakshmanan2019proximity,
  title={Proximity Queries for Absolutely Continuous Parametric Curves},
  author={Lakshmanan, Arun and Patterson, Andrew and Cichella, Venanzio and Hovakimyan, Naira},
  booktitle={Robotics: Science and Systems XV},
  year={2019}
}

@incollection{jones2017design,
  title={Design and control of a small aerial manipulator for indoor environments},
  author={Jones, Robert M and Sun, Donglei and Barsi Haberfeld, Gabriel and Lakshmanan, Arun and Marinho, Thiago and Hovakimyan, Naira},
  booktitle={AIAA Information Systems-AIAA Infotech@ Aerospace},
  pages={1374},
  year={2017}
}

@mastersthesis{lakshmanan2016piecewise,
  title={Piecewise {B}{\'e}zier curve trajectory generation and control for quadrotors},
  author={Lakshmanan, Arun},
  school={University of Illinois Urbana-Champaign},
  year={2016}
}

@article{marinho2016carebots,
  title={Carebots: {P}rolonged Elderly Independence Using Small Mobile Robots},
  author={Marinho, Thiago and Widdowson, Christopher and Oetting, Amy and Lakshmanan, Arun and Cui, Hang and Hovakimyan, Naira and Frances Wang, Ranxiao and Kirlik, Alex and Laviers, Amy and Stipanovi{\'c}, Du{\v{s}}an},
  journal={Mechanical Engineering},
  volume={138},
  number={09},
  pages={S8--S13},
  year={2016},
  publisher={American Society of Mechanical Engineers}
}

@inproceedings{marinho2016vr,
  title={{VR} study of human-multicopter interaction in a residential setting},
  author={Marinho, Thiago and Lakshmanan, Arun and Cichella, Venanzio and Widdowson, Christopher and Cui, Hang and Jones, Robert Mitchell and Sebastian, Bentic and Goudeseune, Camille},
  booktitle={2016 IEEE Virtual Reality (VR)},
  pages={331--331},
  year={2016},
  organization={IEEE}
}